<record><leader>00000cas a2200000 a 4500</leader><controlfield tag="001">34998840</controlfield><controlfield tag="008">960627d19381946caucr ne      0    0eng c</controlfield><datafield ind1=" " ind2=" " tag="010"><subfield code="a">sn 96062847 </subfield></datafield><datafield ind1=" " ind2=" " tag="040"><subfield code="a">CNK</subfield><subfield code="b">eng</subfield><subfield code="c">CNK</subfield><subfield code="d">OCLCQ</subfield><subfield code="d">CNK</subfield><subfield code="d">OCLCF</subfield><subfield code="d">OCLCO</subfield></datafield><datafield ind1="1" ind2=" " tag="029"><subfield code="a">AU@</subfield><subfield code="b">000012570398</subfield></datafield><datafield ind1=" " ind2=" " tag="042"><subfield code="a">pcc</subfield></datafield><datafield ind1=" " ind2=" " tag="043"><subfield code="a">n-us-ca</subfield></datafield><datafield ind1="0" ind2="0" tag="245"><subfield code="a">San Fernando Valley times.</subfield></datafield><datafield ind1="3" ind2=" " tag="246"><subfield code="a">San Fernando Valley times and herald of Roscoe</subfield></datafield><datafield ind1="3" ind2=" " tag="246"><subfield code="a">San Fernando Valley times and Roscoe herald</subfield></datafield><datafield ind1="3" ind2=" " tag="246"><subfield code="a">Valley times</subfield></datafield><datafield ind1=" " ind2=" " tag="260"><subfield code="a">Roscoe, Calif. :</subfield><subfield code="b">[s.n.]</subfield></datafield><datafield ind1=" " ind2=" " tag="300"><subfield code="a">v.</subfield></datafield><datafield ind1=" " ind2=" " tag="310"><subfield code="a">Semiweekly,</subfield><subfield code="b">&lt;May 9, 1939&gt;-Jan. 14, 1946</subfield></datafield><datafield ind1=" " ind2=" " tag="321"><subfield code="a">Weekly,</subfield><subfield code="b">June 9, 1938-&lt;Apr. 27, 1939&gt;</subfield></datafield><datafield ind1="0" ind2=" " tag="362"><subfield code="a">Vol. 13, no. 20 (June 9, 1938)-v. 10, no. 4 (Jan. 14, 1946).</subfield></datafield><datafield ind1=" " ind2=" " tag="500"><subfield code="a">"San Fernando" appears in smaller type above "Valley Times." "And Herald of Roscoe" and "And Roscoe Herald" appears in very small type below masthead title, Oct. 13, 1938-&lt;1943&gt; and &lt;1943&gt;-Jan. 14, 1946, respectively.</subfield></datafield><datafield ind1=" " ind2=" " tag="500"><subfield code="a">Published in San Fernando, Calif., June 6, 1940 and in North Hollywood, Calif., June 11, 1940-&lt;Nov. 24, 1942&gt;</subfield></datafield><datafield ind1=" " ind2=" " tag="515"><subfield code="a">Issues for June 16, 1938-Jan. 14, 1946 called v. 2, no. 39-v. 10, no. 4.</subfield></datafield><datafield ind1=" " ind2=" " tag="530"><subfield code="a">Master negatives are available for duplication from:</subfield><subfield code="b">California Newspaper Microfilm Archive;</subfield><subfield code="c">for further information consult the CNMA at:</subfield><subfield code="u">http://cbsr.ucr.edu.</subfield></datafield><datafield ind1=" " ind2="0" tag="651"><subfield code="a">San Fernando Valley (Calif.)</subfield><subfield code="v">Newspapers.</subfield></datafield><datafield ind1=" " ind2="7" tag="655"><subfield code="a">Newspapers.</subfield><subfield code="2">fast</subfield><subfield code="0">(OCoLC)fst01423814</subfield></datafield><datafield ind1=" " ind2="7" tag="651"><subfield code="a">California</subfield><subfield code="z">San Fernando Valley.</subfield><subfield code="2">fast</subfield><subfield code="0">(OCoLC)fst01242395</subfield></datafield><datafield ind1=" " ind2=" " tag="752"><subfield code="a">United States</subfield><subfield code="b">California</subfield><subfield code="c">Los Angeles</subfield><subfield code="d">San Fernando.</subfield></datafield><datafield ind1=" " ind2=" " tag="752"><subfield code="a">United States</subfield><subfield code="b">California</subfield><subfield code="c">Los Angeles</subfield><subfield code="d">Los Angeles.</subfield></datafield><datafield ind1="0" ind2=" " tag="775"><subfield code="t">North Hollywood valley times</subfield><subfield code="w">(DLC)sn 96062848</subfield></datafield><datafield ind1="0" ind2=" " tag="775"><subfield code="t">Van Nuys valley times</subfield><subfield code="w">(DLC)sn 96062849</subfield></datafield><datafield ind1="0" ind2=" " tag="775"><subfield code="t">Burbank valley times</subfield><subfield code="w">(DLC)sn 96062850</subfield></datafield><datafield ind1="0" ind2="0" tag="780"><subfield code="t">Valley herald (Roscoe, Calif.)</subfield><subfield code="w">(DLC)sn 96062846</subfield></datafield><datafield ind1="0" ind2="0" tag="785"><subfield code="t">San Fernando Valley times, North Hollywood sun-record and Roscoe herald</subfield><subfield code="w">(DLC)sn 96062839</subfield></datafield></record>